@inproceedings{bezerra2009fine,
  title={A fine granularity load balancing technique for MMOG servers using a kd-tree to partition the space},
  author={Bezerra, Carlos Eduardo Benevides and Comba, Jo{\~a}o Luiz Dihl and Geyer, Cl{\'a}udio Fernando Resin},
  booktitle={2009 VIII Brazilian Symposium on Games and Digital Entertainment},
  pages={17--26},
  year={2009},
  organization={IEEE}
}

@inproceedings{foglets,
  title={Incremental deployment and migration of geo-distributed situation awareness applications in the fog},
  author={Saurez, Enrique and Hong, Kirak and Lillethun, Dave and Ramachandran, Umakishore and Ottenw{\"a}lder, Beate},
  booktitle={Proceedings of the 10th ACM International Conference on Distributed and Event-based Systems},
  pages={258--269},
  year={2016}
}

@inproceedings{portkey,
  title={Portkey: Adaptive Key-Value Placement over Dynamic Edge Networks},
  author={Noor, Joseph and Srivastava, Mani and Netravali, Ravi},
  booktitle={Proceedings of the ACM Symposium on Cloud Computing},
  pages={197--213},
  year={2021}
}

@inproceedings{xu2017zenith,
  title={Zenith: Utility-aware resource allocation for edge computing},
  author={Xu, Jinlai and Palanisamy, Balaji and Ludwig, Heiko and Wang, Qingyang},
  booktitle={2017 IEEE international conference on edge computing (EDGE)},
  pages={47--54},
  year={2017},
  organization={IEEE}
}

@inproceedings{bahreini2017efficient,
  title={Efficient placement of multi-component applications in edge computing systems},
  author={Bahreini, Tayebeh and Grosu, Daniel},
  booktitle={Proceedings of the Second ACM/IEEE Symposium on Edge Computing},
  pages={1--11},
  year={2017}
}

@inproceedings{ray2020proactive,
  title={Proactive Microservice Placement and Migration for Mobile Edge Computing},
  author={Ray, Kaustabha and Banerjee, Ansuman and Narendra, Nanjangud C},
  booktitle={2020 IEEE/ACM Symposium on Edge Computing (SEC)},
  pages={28--41},
  year={2020},
  organization={IEEE}
}

@inproceedings{xu2021cloud,
  title={From cloud to edge: a first look at public edge platforms},
  author={Xu, Mengwei and Fu, Zhe and Ma, Xiao and Zhang, Li and Li, Yanan and Qian, Feng and Wang, Shangguang and Li, Ke and Yang, Jingyu and Liu, Xuanzhe},
  booktitle={Proceedings of the 21st ACM Internet Measurement Conference},
  pages={37--53},
  year={2021}
}

@INPROCEEDINGS{localbreakout,
  author={Lee, Seung-Que and Kim, Jin-up},
  booktitle={2016 International Conference on Information and Communication Technology Convergence (ICTC)}, 
  title={Local breakout of mobile access network traffic by mobile edge computing}, 
  year={2016},
  volume={},
  number={},
  pages={741-743},
  doi={10.1109/ICTC.2016.7763283},
  url = {https://doi.org/10.1109/ICTC.2016.7763283},
  publisher = {IEEE},
}

HARSHIT WORKING ON THE FIRST HALF

For arXiv:
article{hep-ph/9609357_EXAMPLE,
Author = {Martin Beneke and Gerhard Buchalla and Isard Dunietz},
Title = {Mixing-induced CP Asymmetries in Inclusive $B$ Decays},
Year = {1996},
Eprint = {arXiv:hep-ph/9609357},
doi = {10.1016/S0370-2693(96)01648-6},
}

@article{DBLP:journals/corr/AbdelwahabH16a,
  author    = {Sherif Abdelwahab and
               Bechir Hamdaoui},
  Title     = {Fog{MQ}: {A} {M}essage {B}roker {S}ystem for {E}nabling {D}istributed, {I}nternet-{S}cale
               {I}o{T} {A}pplications over {H}eterogeneous {C}loud {P}latforms},
    eprint={1610.00620},
    archivePrefix={arXiv},
  year      = {2016},
  url       = {https://arxiv.org/abs/1610.00620},
  archivePrefix = {arXiv},
  eprint    = {arXiv:1610.00620},
}

article{DBLP:journals/corr/AbdelwahabH16a_old,
  author    = {Sherif Abdelwahab and
               Bechir Hamdaoui},
  title     = {FogMQ: {A} Message Broker System for Enabling Distributed, Internet-Scale
               IoT Applications over Heterogeneous Cloud Platforms},
  journal   = {CoRR},
  volume    = {abs/1610.00620},
  year      = {2016},
  url       = {http://arxiv.org/abs/1610.00620},
  archivePrefix = {arXiv},
  eprint    = {1610.00620},
  timestamp = {Mon, 13 Aug 2018 16:47:46 +0200},
  biburl    = {https://dblp.org/rec/bib/journals/corr/AbdelwahabH16a},
  bibsource = {dblp computer science bibliography, https://dblp.org}
}

misc{bookkeeper,
      author = {Apache},
      title = "Pulsar Architecture Overview : Apache BookKeeper",
      howpublished = {\url{https://pulsar.apache.org/docs/en/concepts-architecture-overview/#apache-bookkeeper}},
      note = {Accessed: 2021-01-20}
}

@online{bookkeeper,
      author = {Apache},
      title = {Pulsar Architecture Overview : Apache BookKeeper},
      url = {https://pulsar.apache.org/docs/en/concepts-architecture-overview/#apache-bookkeeper},
      lastaccessed={October 29, 2021},
      year = {2021}
}

@inproceedings{assiotis2006distributed,
  title={A {D}istributed {A}rchitecture for {MMORPG}},
  author={Assiotis, Marios and Tzanov, Velin},
  booktitle={Proceedings of the 5th ACM SIGCOMM Workshop on Network and System Support for Games},
  pages={4--es},
  year={2006},
  doi = {10.1145/1230040.1230067},
  publisher={ACM},
  url = {https://doi.org/10.1145/1230040.1230067},
}

@inproceedings{flynetsim,
  title={Fly{N}et{S}im: {A}n {O}pen {S}ource {S}ynchronized {UAV} {N}etwork {S}imulator based on ns-3 and {A}rdupilot},
  author={Baidya, Sabur and Shaikh, Zoheb and Levorato, Marco},
  booktitle={Proceedings of the 21st ACM International Conference on Modeling, Analysis and Simulation of Wireless and Mobile Systems},
  pages={37--45},
  year={2018},
  doi = {10.1145/10.1145/3242102.3242118},
  publisher={ACM},
  url = {https://doi.org/10.1145/3242102.3242118},
}

@online{Destiny2,
author ={Bungie},
year = {2020},
title ={Destiny 2 New Player Guide},
url ={https://www.bungie.net/en/Guide/Destiny2#entry3},
month ={mar},
lastaccessed ={October 29, 2021},
}

@inproceedings{PubSubForMultiplayerGames,
author = {Ca\~{n}as, C\'{e}sar and Zhang, Kaiwen and Kemme, Bettina and Kienzle, J\"{o}rg and Jacobsen, Hans-Arno},
title = {{P}ublish/{S}ubscribe {N}etwork {D}esigns for {M}ultiplayer {G}ames},
year = {2014},
isbn = {9781450327855},
publisher = {ACM},
url = {https://doi.org/10.1145/2663165.2663337},
doi = {10.1145/2663165.2663337},
booktitle = {Proceedings of the 15th International Middleware Conference},
pages = {241â€“252},
numpages = {12},
keywords = {multiplayer games, interest management, publish/subscribe},
location = {Bordeaux, France},
}

@online{cellmapper, 
    author = {CellMapper},
    month={aug},
    year={2020},
    title= "CellMapper", 
    url = {https://www.cellmapper.net/},
    lastaccessed ={October 29, 2021},    
}

@inproceedings{brewingStorm,
  title={The {B}rewing {S}torm in {C}loud {G}aming: {A} {M}easurement {S}tudy on {C}loud to {E}nd-{U}ser {L}atency},
  author={Choy, Sharon and Wong, Bernard and Simon, Gwendal and Rosenberg, Catherine},
  booktitle={Proceedings of the 11th Annual Workshop on Network and Systems Support for Games (NetGames)},
  pages={1--6},
  year={2012},
  publisher={IEEE},
  url = {https://doi.org/10.1109/NetGames.2012.6404024},
  doi = {10.1109/NetGames.2012.6404024},
}

@article{vivaldi,
  title={{V}ivaldi: {A} {D}ecentralized {N}etwork {C}oordinate {S}ystem},
  author={Dabek, Frank and Cox, Russ and Kaashoek, Frans and Morris, Robert},
  journal={ACM SIGCOMM Computer Communication Review},
  volume={34},
  number={4},
  pages={15--26},
  year={2004},
  publisher={ACM},
  url = {https://doi.org/10.1145/1030194.1015471},
  doi = {10.1145/1030194.1015471},
}

@inproceedings{dedousis2018fly,
  title={{O}n the {F}ly {L}oad {B}alancing to {A}ddress {H}ot {T}opics in {T}opic-{B}ased {P}ub/{S}ub {S}ystems},
  author={Dedousis, Dimitris and Zacheilas, Nikos and Kalogeraki, Vana},
  booktitle={Proceedings of the 38th International Conference on Distributed Computing Systems (ICDCS)},
  pages={76--86},
  year={2018},
  publisher={IEEE},
  url = {https://doi.org/10.1109/ICDCS.2018.00018},
  doi = {10.1109/ICDCS.2018.00018},
}

@ARTICLE{MMOGEvaluationBasis,
  author={Deng, Yunhua and Li, Yusen and Seet, Ronald and Tang, Xueyan and Cai, Wentong},
  journal={IEEE Transactions on Multimedia}, 
  title={{T}he {S}erver {A}llocation {P}roblem for {S}ession-{B}ased {M}ultiplayer {C}loud {G}aming}, 
  year={2018},
  volume={20},
  number={5},
  pages={1233-1245},
  publisher={IEEE},
  url = {https://doi.org/10.1109/TMM.2017.2760621},
  doi = {10.1109/TMM.2017.2760621},
  }

@article{donnet2010survey,
  title={A {S}urvey on {N}etwork {C}oordinates {S}ystems, {D}esign, and {S}ecurity},
  author={Donnet, Benoit and Gueye, Bamba and Kaafar, Mohamed Ali},
  journal={IEEE Communications Surveys \& Tutorials},
  volume={12},
  number={4},
  pages={488--503},
  year={2010},
  publisher={IEEE},
  url = {https://doi.org/10.1109/SURV.2010.032810.00007},
  doi = {10.1109/SURV.2010.032810.00007},
}

@online{kafka_without_zk,
author = {DZone},
title  = {Why Disintegration of Apache Zookeeper From Kafka Is in the Pipeline},
url = {https://dzone.com/articles/why-disintegration-of-apache-zookeeper-from-kafka},
lastaccessed ={October 29, 2021},
year={2020}
}

online{Destiny2,
author ={Bungie},
year = {2001},
title ={Destiny 2 New Player Guide},
url ={https://www.bungie.net/en/Guide/Destiny2#entry3},
month ={mar},
lastaccessed ={October 29, 2021},
}


@article{manyfaces,
  title={The {M}any {F}aces of {P}ublish/{S}ubscribe},
  author={Eugster, Patrick Th and Felber, Pascal A and Guerraoui, Rachid and Kermarrec, Anne-Marie},
  journal={ACM Computing Surveys (CSUR)},
  volume={35},
  number={2},
  pages={114--131},
  year={2003},
  publisher={ACM},
  url = {https://doi.org/10.1145/857076.857078},
  doi = {10.1145/857076.857078},
}

@article{fiandrino2019openleon,
  title={open{LEON}: {A}n {E}nd-to-{E}nd {E}mulation {P}latform from the {E}dge {D}ata {C}enter to the {M}obile {U}ser},
  author={Fiandrino, Claudio and Pizarro, Alejandro Blanco and Mateo, Pablo Jim{\'e}nez and Ramiro, Carlos Andr{\'e}s and Ludant, Norbert and Widmer, Joerg},
  journal={Computer Communications},
  volume={148},
  pages={17--26},
  year={2019},
  publisher={Elsevier},
  url = {https://doi.org/10.1016/j.comcom.2019.08.024},
  doi = {10.1016/j.comcom.2019.08.024},
}

@INPROCEEDINGS{7164934,
author={Gascon-Samson, Julien and Garcia, Franz-Philippe and Kemme, Bettina and Kienzle, J{\"o}rg},
booktitle={Proceedings of the 35th International Conference on Distributed Computing Systems (ICDCS)},
title={Dynamoth: {A} {S}calable {P}ub/{S}ub {M}iddleware for {L}atency-{C}onstrained {A}pplications in the {C}loud},
year={2015},
pages={486-496},
doi={10.1109/ICDCS.2015.56},
url = {https://doi.org/10.1109/ICDCS.2015.56},
publisher={IEEE},
month={June},
}

@INPROCEEDINGS{multiPub,
  author={Gascon-Samson, Julien and Kienzle, J{\"o}rg and Kemme, Bettina},
  booktitle={Proceedings of the 37th International Conference on Distributed Computing Systems (ICDCS)}, 
  title={{M}ulti{P}ub: {L}atency and {C}ost-{A}ware {G}lobal-{S}cale {C}loud {P}ublish/{S}ubscribe}, 
  year={2017},
  pages={2075-2082},
  doi={10.1109/ICDCS.2017.203},
  url = {https://doi.org/10.1109/ICDCS.2017.203},
  publisher={IEEE}
}

@inproceedings{handover,
  title={{H}andover {M}inimized {S}ervice {R}egion {P}artition for {M}obile {E}dge {C}omputing in {W}ireless {M}etropolitan {A}rea {N}etworks},
  author={Guan, Xinjie and Wan, Xili and Ye, Feng and Choi, Baek-Young},
  booktitle={Proceedings of the International Smart Cities Conference (ISC2)},
  pages={1--6},
  year={2018},
  publisher={IEEE},
  doi={10.1109/ISC2.2018.8656951},
  url = {https://doi.org/10.1109/ISC2.2018.8656951},
}

@online{serf, 
    author = {HashiCorp},
    title={Serf : Network Coordinates}, 
    url = {https://www.serf.io/docs/internals/coordinates.html},
    year={2016},
    lastaccessed ={October 29, 2021},    
}

online{Destiny2,
author ={Bungie},
year = {2001},
title ={Destiny 2 New Player Guide},
url ={https://www.bungie.net/en/Guide/Destiny2#entry3},
month ={mar},
lastaccessed ={October 29, 2021},
}

=====================================
====TYLER PLS WORK ON  2ND HALF======
=====================================

@inproceedings{zookeeper,
title = {ZooKeeper: Wait-Free Coordination for Internet-Scale Systems},
author = {Hunt, Patrick and Konar, Mahadev and Junqueira, Flavio P. and Reed, Benjamin},
year = {2010},
publisher = {USENIX Association},
address = {USA},
booktitle = {Proceedings of the 2010 USENIX Conference on USENIX Annual Technical Conference},
pages = {11},
numpages = {1},
doi = {10.5555/1855840.1855851},
series = {USENIXATC'10},
url = {https://doi.org/10.5555/1855840.1855851},
}

@online{vaporio,
author ={Vapor IO},
year = {2021},
title ={Kinetic Grid, Edge Colocation and Interconnection | Vapor IO},
url ={https://www.vapor.io/},
month ={oct},
lastaccessed ={October 29, 2021},
}

@INPROCEEDINGS{khare2018scalable,
  author={Khare, Shweta and Sun, Hongyang and Zhang, Kaiwen and Gascon-Samson, Julien and Gokhale, Aniruddha and Koutsoukos, Xenofon and Abdelaziz, Hamzah},
  booktitle={2018 IEEE/ACM Symposium on Edge Computing (SEC)}, 
  title={Scalable Edge Computing for Low Latency Data Dissemination in Topic-Based Publish/Subscribe}, 
  year={2018},
  volume={},
  number={},
  pages={214-227},
  doi={10.1109/SEC.2018.00023},
  url = {https://doi.org/10.1109/SEC.2018.00023},
  publisher={IEEE},
}


@inproceedings{ledlie2007network,
author = {Ledlie, Jonathan and Gardner, Paul and Seltzer, Margo},
title = {Network Coordinates in the Wild},
year = {2007},
publisher = {USENIX Association},
address = {USA},
booktitle = {Proceedings of the 4th USENIX Conference on Networked Systems Design \& Implementation},
pages={299--311},
location = {Cambridge, MA},
series = {NSDI'07},
doi = {10.5555/1973430.1973452},
url = {https://doi.org/10.5555/1973430.1973452}
}

@ARTICLE{lee2009suitability,
  author={Lee, Sanghwan and Zhang, Zhi-Li and Sahu, Sambit and Saha, Debanjan},
  journal={IEEE/ACM Transactions on Networking}, 
  title={On Suitability of Euclidean Embedding for Host-Based Network Coordinate Systems}, 
  year={2010},
  volume={18},
  number={1},
  pages={27-40},
  doi={10.1109/TNET.2009.2023322},
  url = {https://doi.org/10.1109/TNET.2009.2023322},
  publisher={IEEE}
  }

@online{edgemicro,
author ={Chris Powell},
year = {2021},
title ={EdgeMicro: Edge Colocation Micro Data Center Providers},
url ={https://www.edgemicro.com/},
month = {jul},
lastaccessed ={October 29, 2021},
}

@online{openmessaging,
author ={OpenMessaging},
year = {2021},
title ={Apache Pulsar benchmarks},
url ={http://openmessaging.cloud/docs/benchmarks/pulsar/},
month ={mar},
lastaccessed ={October 29, 2021},
}

@ARTICLE{opencord,
  author={Peterson, Larry and Al-Shabibi, Ali and Anshutz, Tom and Baker, Scott and Bavier, Andy and Das, Saurav and Hart, Jonathan and Palukar, Guru and Snow, William},
  journal={IEEE Communications Magazine}, 
  title={Central office re-architected as a data center}, 
  year={2016},
  volume={54},
  number={10},
  pages={96-101},
  doi={10.1109/MCOM.2016.7588276},
  url = {https://doi.org/10.1109/MCOM.2016.7588276},
  publisher = {IEEE},
  }

@online{containernet,
author ={Peuster, Manuel},
year = {2020},
title ={Containernet},
url ={https://containernet.github.io/},
month ={oct},
lastaccessed ={October 29, 2021},
}

@INPROCEEDINGS{google_game_network,
  author={Plumb, Jared N. and Stutsman, Ryan},
  booktitle={2018 IEEE 2nd International Conference on Fog and Edge Computing (ICFEC)}, 
  title={Exploiting Google's Edge Network for Massively Multiplayer Online Games}, 
  year={2018},
  volume={},
  number={},
  pages={1-8},
  doi={10.1109/CFEC.2018.8358734},
  url = {https://doi.org/10.1109/CFEC.2018.8358734},
  publisher = {IEEE},
  }

@INPROCEEDINGS{emma,
  author={Rausch, Thomas and Nastic, Stefan and Dustdar, Schahram},
  booktitle={2018 IEEE International Conference on Cloud Engineering (IC2E)}, 
  title={EMMA: Distributed QoS-Aware MQTT Middleware for Edge Computing Applications}, 
  year={2018},
  volume={},
  number={},
  pages={191-197},
  doi={10.1109/IC2E.2018.00043},
  url = {https://doi.org/10.1109/IC2E.2018.00043},
  publisher = {IEEE},
  }

@online{wondernetwork,
author ={Paul Reinheimer},
year = {2021},
title ={Network Testing Solutions - WonderNetwork},
url ={https://wondernetwork.com/},
month ={oct},
lastaccessed ={October 29, 2021},
}

inproceedings{rothenberg2020intent,
  title={Intent-based Control Loop for DASH Video Service Assurance using ML-based Edge QoE Estimation},
  author={Rothenberg, Christian Esteve and Perez, Danny A Lachos and de Sousa, Nathan F Saraiva and Rosa, Raphael V and Mustafa, Raza Ul and Islam, Md Tariqul and Gomes, Pedro Henrique},
  booktitle={2020 6th IEEE Conference on Network Softwarization (NetSoft)},
  pages={353--355},
  year={2020},
  organization={IEEE}
}
@INPROCEEDINGS{rothenberg2020intent,
  author={Rothenberg, Christian Esteve and Lachos Perez, Danny A. and Saraiva de Sousa, Nathan F. and Rosa, Raphael V. and Mustafa, Raza Ul and Islam, Md Tariqul and Gomes, Pedro Henrique},
  booktitle={2020 6th IEEE Conference on Network Softwarization (NetSoft)}, 
  title={Intent-based Control Loop for DASH Video Service Assurance using ML-based Edge QoE Estimation}, 
  year={2020},
  volume={},
  number={},
  pages={353-355},
  doi={10.1109/NetSoft48620.2020.9165375},
  url = {https://doi.org/10.1109/NetSoft48620.2020.9165375},
  publisher = {IEEE},
  }

@article{tahir2019swarms,
title = {Swarms of Unmanned Aerial Vehicles â€” A Survey},
journal = {Journal of Industrial Information Integration},
volume = {16},
pages = {100106},
year = {2019},
issn = {2452-414X},
doi = {10.1016/j.jii.2019.100106},
url = {https://doi.org/10.1016/j.jii.2019.100106},
author = {Anam Tahir and Jari BÃ¶ling and Mohammad-Hashem Haghbayan and Hannu T. Toivonen and Juha Plosila},
}

@article{wang2019edge,
title = {Edge server placement in mobile edge computing},
journal = {Journal of Parallel and Distributed Computing},
volume = {127},
pages = {160-168},
year = {2019},
issn = {0743-7315},
doi = {10.1016/j.jpdc.2018.06.008},
url = {https://www.sciencedirect.com/science/article/pii/S0743731518304398},
author = {Shangguang Wang and Yali Zhao and Jinlinag Xu and Jie Yuan and Ching-Hsien Hsu},
}

@online{rwp,
author ={Wikipedia},
year = {2021},
title ={Random Waypoint Model},
url ={https://en.wikipedia.org/wiki/Random_waypoint_model/},
month ={oct},
lastaccessed ={October 29, 2021},
}

@article{yang2018telecom,
  author    = {Guang Yang and
               Xingqin Lin and
               Yan Li and
               Hang Cui and
               Min Xu and
               Dan Wu and
               Henrik Ryden and
               Sakib Bin Redhwan},
  title     = {A Telecom Perspective on the Internet of Drones: From LTE-Advanced
               to 5G},
  journal   = {CoRR},
  volume    = {abs/1803.11048},
  year      = {2018},
  url       = {http://arxiv.org/abs/1803.11048},
  eprinttype = {arXiv},
  eprint    = {1803.11048}
}

@article{fmone,
  title={Fmone: A flexible monitoring solution at the edge},
  author={Brand{\'o}n, {\'A}lvaro and P{\'e}rez, Mar{\'\i}a S and Montes, Jesus and Sanchez, Alberto},
  journal={Wireless Communications and Mobile Computing},
  volume={2018},
  year={2018},
  publisher={Hindawi}
}
@inproceedings{pymon,
  title={Monitoring container services at the network edge},
  author={Gro{\ss}mann, Marcel and Klug, Clemens},
  booktitle={2017 29th International Teletraffic Congress (ITC 29)},
  volume={1},
  pages={130--133},
  year={2017},
  organization={IEEE}
}
@article{flexregmon,
  title={Dynamic Reconfiguration of the Data Aggregation Topology at the Edge},
  author={Gon{\c{c}}alves, Tiago},
  year={2021}
}
@book{prometheus,
  title={Prometheus: Up \& Running: Infrastructure and Application Performance Monitoring},
  author={Brazil, Brian},
  year={2018},
  publisher={" O'Reilly Media, Inc."}
}
@inproceedings{carla,
  title={CARLA: An open urban driving simulator},
  author={Dosovitskiy, Alexey and Ros, German and Codevilla, Felipe and Lopez, Antonio and Koltun, Vladlen},
  booktitle={Conference on robot learning},
  pages={1--16},
  year={2017},
  organization={PMLR}
}
@misc{opencord,
  title = {{CORD Platform}Central Office Rearchitected as a Datacenter},
  howpublished = {\url{https://opennetworking.org/cord/}},
  note = {Accessed: 2021-12-02}
}
@misc{edgemicro,
  title = {{EdgeMicro} Edge Colocation Micro Data Center Providers },
  howpublished = {\url{https://www.edgemicro.com/}},
  note = {Accessed: 2021-12-02}
}
@misc{vaporio,
  title = {{Vapor IO} Kinetic Grid, Edge Colocation and Interconnection },
  howpublished = {\url{https://www.vapor.io/}},
  note = {Accessed: 2021-12-02}
}
@inproceedings{cloudlets,
  title={Cloudlets: at the leading edge of mobile-cloud convergence},
  author={Satyanarayanan, Mahadev and Chen, Zhuo and Ha, Kiryong and Hu, Wenlu and Richter, Wolfgang and Pillai, Padmanabhan},
  booktitle={6th International Conference on Mobile Computing, Applications and Services},
  pages={1--9},
  year={2014},
  organization={IEEE}
}
@misc{azure_iot_edge,
  title = {{IoT Edge} Cloud Intelligence : Microsoft Azure} },
  howpublished = {\url{https://azure.microsoft.com/en-us/services/iot-edge/}},
  note = {Accessed: 2021-12-02}
}
@misc{aws_greengrass,
  title = {{Intelligence at the IoT Edge} AWS IoT Greengrass : Amazon Web Services },
  howpublished = {\url{https://aws.amazon.com/greengrass/}},
  note = {Accessed: 2021-12-02}
}

@inproceedings{avr,
  title={Avr: Augmented vehicular reality},
  author={Qiu, Hang and Ahmad, Fawad and Bai, Fan and Gruteser, Marco and Govindan, Ramesh},
  booktitle={Proceedings of the 16th Annual International Conference on Mobile Systems, Applications, and Services},
  pages={81--95},
  year={2018}
}

@inproceedings{fusioneye,
  title={Fusioneye: Perception sharing for connected vehicles and its bandwidth-accuracy trade-offs},
  author={Liu, Hansi and Ren, Pengfei and Jain, Shubham and Murad, Mohannad and Gruteser, Marco and Bai, Fan},
  booktitle={2019 16th Annual IEEE International Conference on Sensing, Communication, and Networking (SECON)},
  pages={1--9},
  year={2019},
  organization={IEEE}
}

@inproceedings{fcooper,
  title={F-cooper: Feature based cooperative perception for autonomous vehicle edge computing system using 3D point clouds},
  author={Chen, Qi and Ma, Xu and Tang, Sihai and Guo, Jingda and Yang, Qing and Fu, Song},
  booktitle={Proceedings of the 4th ACM/IEEE Symposium on Edge Computing},
  pages={88--100},
  year={2019}
}

@inproceedings{talkycars,
  title={Talkycars: A distributed software platform for cooperative perception},
  author={Boehme, Martin and Stang, Marco and Muetsch, Ferdin and Sax, Eric},
  booktitle={2020 IEEE Intelligent Vehicles Symposium (IV)},
  pages={701--707},
  year={2020},
  organization={IEEE}
}
@article{huang2021decentralized,
  title={Decentralized autonomous navigation of a UAV network for road traffic monitoring},
  author={Huang, Hailong and Savkin, Andrey V and Huang, Chao},
  journal={IEEE Transactions on Aerospace and Electronic Systems},
  volume={57},
  number={4},
  pages={2558--2564},
  year={2021},
  publisher={IEEE}
}
@inproceedings{scherer2015autonomous,
  title={An autonomous multi-UAV system for search and rescue},
  author={Scherer, J{\"u}rgen and Yahyanejad, Saeed and Hayat, Samira and Yanmaz, Evsen and Andre, Torsten and Khan, Asif and Vukadinovic, Vladimir and Bettstetter, Christian and Hellwagner, Hermann and Rinner, Bernhard},
  booktitle={Proceedings of the First Workshop on Micro Aerial Vehicle Networks, Systems, and Applications for Civilian Use},
  pages={33--38},
  year={2015}
}
@inproceedings{meng2015skystitch,
  title={Skystitch: A cooperative multi-UAV-based real-time video surveillance system with stitching},
  author={Meng, Xiangyun and Wang, Wei and Leong, Ben},
  booktitle={Proceedings of the 23rd ACM international conference on Multimedia},
  pages={261--270},
  year={2015}
}
@article{matsuyama2002real,
  title={Real-time multitarget tracking by a cooperative distributed vision system},
  author={Matsuyama, Takashi and Ukita, Norimichi},
  journal={Proceedings of the IEEE},
  volume={90},
  number={7},
  pages={1136--1150},
  year={2002},
  publisher={IEEE}
}
@inproceedings{fusioneye,
  title={Fusioneye: Perception sharing for connected vehicles and its bandwidth-accuracy trade-offs},
  author={Liu, Hansi and Ren, Pengfei and Jain, Shubham and Murad, Mohannad and Gruteser, Marco and Bai, Fan},
  booktitle={2019 16th Annual IEEE International Conference on Sensing, Communication, and Networking (SECON)},
  pages={1--9},
  year={2019},
  organization={IEEE}
}
@article{sarkar2016theoretical,
  title={Theoretical modelling of fog computing: a green computing paradigm to support IoT applications},
  author={Sarkar, Subhadeep and Misra, Sudip},
  journal={Iet Networks},
  volume={5},
  number={2},
  pages={23--29},
  year={2016},
  publisher={IET}
}
@article{vilaccageolocate,
  title={Geolocate: A geolocation-aware scheduling system for Edge Computing},
  author={Vila{\c{c}}a, Joao and Paulo, Joao and Vila{\c{c}}a, Ricardo}
}
@inproceedings{brogi2019measuring,
  title={Measuring the fog, gently},
  author={Brogi, Antonio and Forti, Stefano and Gaglianese, Marco},
  booktitle={International Conference on Service-Oriented Computing},
  pages={523--538},
  year={2019},
  organization={Springer}
}
@article{gonccalves2021dynamic,
  title={Dynamic Reconfiguration of the Data Aggregation Topology at the Edge},
  author={Gon{\c{c}}alves, Tiago},
  year={2021}
}

@misc{cellmapper,
  title = {{CellMapper} Cellular Tower and Signal Map},
  howpublished = {\url{https://www.cellmapper.net/map}},
  note = {Accessed: 2022-06-03}
}
@misc{monasca,
  title = {{Monasca} - Openstack},
  howpublished = {\url{https://wiki.openstack.org/wiki/Monasca}},
  note = {Accessed: 2022-05-09}
}
@phdthesis{qureshi2010power,
  title={Power-demand routing in massive geo-distributed systems},
  author={Qureshi, Asfandyar},
  year={2010},
  school={Massachusetts Institute of Technology}
}
@article{eugster2003many,
  title={The many faces of publish/subscribe},
  author={Eugster, Patrick Th and Felber, Pascal A and Guerraoui, Rachid and Kermarrec, Anne-Marie},
  journal={ACM computing surveys (CSUR)},
  volume={35},
  number={2},
  pages={114--131},
  year={2003},
  publisher={ACM New York, NY, USA}
}
@inproceedings{xu2021cloud,
  title={From cloud to edge: a first look at public edge platforms},
  author={Xu, Mengwei and Fu, Zhe and Ma, Xiao and Zhang, Li and Li, Yanan and Qian, Feng and Wang, Shangguang and Li, Ke and Yang, Jingyu and Liu, Xuanzhe},
  booktitle={Proceedings of the 21st ACM Internet Measurement Conference},
  pages={37--53},
  year={2021}
}
@inproceedings{amarasinghe2018data,
  title={A data stream processing optimisation framework for edge computing applications},
  author={Amarasinghe, Gayashan and De Assuncao, Marcos D and Harwood, Aaron and Karunasekera, Shanika},
  booktitle={2018 IEEE 21st International Symposium on Real-Time Distributed Computing (ISORC)},
  pages={91--98},
  year={2018},
  organization={IEEE}
}
@inproceedings{naas2017ifogstor,
  title={iFogStor: an IoT data placement strategy for fog infrastructure},
  author={Naas, Mohammed Islam and Parvedy, Philippe Raipin and Boukhobza, Jalil and Lemarchand, Laurent},
  booktitle={2017 IEEE 1st International Conference on Fog and Edge Computing (ICFEC)},
  pages={97--104},
  year={2017},
  organization={IEEE}
}
@article{liu2019mobility,
  title={Mobility-aware dynamic service placement for edge computing},
  author={Liu, Gang and Wang, Jiawei and Tian, Yumin and Yang, Zhenhua and Wu, Zhenping},
  journal={EAI Endorsed Transactions on Internet of Things},
  volume={5},
  number={19},
  year={2019},
  publisher={European Alliance for Innovation}
}
@article{ananthanarayanan2017real,
  title={Real-time video analytics: The killer app for edge computing},
  author={Ananthanarayanan, Ganesh and Bahl, Paramvir and Bod{\'\i}k, Peter and Chintalapudi, Krishna and Philipose, Matthai and Ravindranath, Lenin and Sinha, Sudipta},
  journal={computer},
  volume={50},
  number={10},
  pages={58--67},
  year={2017},
  publisher={IEEE}
}
@inproceedings{das2018edgebench,
  title={Edgebench: Benchmarking edge computing platforms},
  author={Das, Anirban and Patterson, Stacy and Wittie, Mike},
  booktitle={2018 IEEE/ACM International Conference on Utility and Cloud Computing Companion (UCC Companion)},
  pages={175--180},
  year={2018},
  organization={IEEE}
}
@inproceedings{gabriel,
  title={Towards scalable edge-native applications},
  author={Wang, Junjue and Feng, Ziqiang and George, Shilpa and Iyengar, Roger and Pillai, Padmanabhan and Satyanarayanan, Mahadev},
  booktitle={Proceedings of the 4th ACM/IEEE Symposium on Edge Computing},
  pages={152--165},
  year={2019}
}
@misc{azure_iot_edge,
  title = {Azure IoT Edge},
  howpublished = {\url{https://docs.microsoft.com/en-us/azure/iot-edge/}},
  note = {Accessed: 2022-07-17}
}

@article{lahderanta2021edge,
  title={Edge computing server placement with capacitated location allocation},
  author={L{\"a}hderanta, Tero and Lepp{\"a}nen, Teemu and Ruha, Leena and Lov{\'e}n, Lauri and Harjula, Erkki and Ylianttila, Mika and Riekki, Jukka and Sillanp{\"a}{\"a}, Mikko J},
  journal={Journal of Parallel and Distributed Computing},
  volume={153},
  pages={130--149},
  year={2021},
  publisher={Elsevier}
}
@inproceedings{hsu2020dns,
  title={Dns does not suffice for mec-cdn},
  author={Hsu, Ke-Jou and Choncholas, James and Bhardwaj, Ketan and Gavrilovska, Ada},
  booktitle={Proceedings of the 19th ACM Workshop on Hot Topics in Networks},
  pages={212--218},
  year={2020}
}

@inproceedings{mmog_kdtree,
  title={A fine granularity load balancing technique for MMOG servers using a kd-tree to partition the space},
  author={Bezerra, Carlos Eduardo Benevides and Comba, Jo{\~a}o Luiz Dihl and Geyer, Cl{\'a}udio Fernando Resin},
  booktitle={2009 VIII Brazilian Symposium on Games and Digital Entertainment},
  pages={17--26},
  year={2009},
  organization={IEEE}
}
@inproceedings{zheng2005internet,
  title={Internet routing policies and round-trip-times},
  author={Zheng, Han and Lua, Eng Keong and Pias, Marcelo and Griffin, Timothy G},
  booktitle={International Workshop on Passive and Active Network Measurement},
  pages={236--250},
  year={2005},
  organization={Springer}
}